@article{nakayama2009,
  title={Metastability in the formation of an experimental traffic jam},
  author={Nakayama, Akihiro and Fukui, Minoru and Kikuchi, Macoto and Hasebe, Katsuya and Nishinari, Katsuhiro and Sugiyama, Yuki and Tadaki, Shin-ichi and Yukawa, Satoshi},
  journal={New Journal of Physics},
  volume={11},
  number={8},
  pages={083025},
  year={2009},
  publisher={IOP Publishing}
}

@article{tadaki2013,
    title={Phase transition in traffic jam experiment on a circuit},
    author={Tadaki, Shin-ichi and Kikuchi, Macoto and Fukui, Minoru and Nakayama, Akihiro and Nishinari, Katsuhiro and Shibata, Akihiro and Sugiyama, Yuki and Yosida, Taturu and Yukawa, Satoshi},
    journal={New Journal of Physics},
    volume={15},
    number={10},
    pages={103034},
    year={2013},
    publisher={IOP Publishing}
}


@inproceedings{durlin2005,
    title={A delayed flow intersection model for dynamic traffic assignment},
    author={Durlin, Thomas and Henn, Vincent},
    booktitle={Proceedings of the Joint Conference-10th EWGT Meeting and 16th Mini-Euro Conference},
    year={2005}
}

@article{treiber2000,
    title={Congested traffic states in empirical observations and microscopic simulations},
    author={Treiber, Martin and Hennecke, Ansgar and Helbing, Dirk},
    journal={Physical Review E},
    volume={62},
    number={2},
    pages={1805},
    year={2000},
    publisher={APS}
}

@article{treiber2006,
    title={Delays, inaccuracies and anticipation in microscopic traffic models},
    author={Treiber, Martin and Kesting, Arne and Helbing, Dirk},
    journal={Physica A: Statistical Mechanics and its Applications},
    volume={360},
    number={1},
    pages={71--88},
    year={2006},
    publisher={Elsevier}
}

@article{treiber2015,
    title={Comparing numerical integration schemes for time-continuous car-following models},
    author={Treiber, Martin and Kanagaraj, Venkatesan},
    journal={Physica A: Statistical Mechanics and its Applications},
    volume={419},
    pages={183--195},
    year={2015},
    publisher={Elsevier}
}

@article{treiber1999,
    title={Explanation of observed features of self-organization in traffic flow},
    author={Treiber, Martin and Helbing, Dirk},
    journal={arXiv preprint cond-mat/9901239},
    year={1999}
}


@incollection{buslaev2007,
    title={Stability of Flows on Networks},
    author={Buslaev, Alexander P and Tatashev, Alexander G and Yashina, Marina V},
    booktitle={Traffic and Granular Flowâ€™05},
    pages={427--435},
    year={2007},
    publisher={Springer}
}

@article{figueiredo2007,
    title={Simulation and dynamics of freeway traffic},
    author={Figueiredo, Lino and Machado, JA Tenreiro},
    journal={Nonlinear Dynamics},
    volume={49},
    number={4},
    pages={567--577},
    year={2007},
    publisher={Springer}
}



@article{treiber2013,
    title={Traffic flow dynamics},
    author={Treiber, Martin and Kesting, Arne},
    journal={Traffic Flow Dynamics: Data, Models and Simulation, Springer-Verlag Berlin Heidelberg},
    year={2013},
    publisher={Springer}
}




